@online{contourWiki,
    URL = {https://en.wikipedia.org/wiki/Gradient_descent}
}

@book{Adam,
    title = {Adam: A Method for Stochastic Optimization},
    year = {2014},
    author = {and Jimmy Ba, Diederik P. Kingma}
}

@online{articleMedium,
    URL = {https://medium.com/ai-in-plain-english/comparison-between-logistic-regression-and-neural-networks-in-classifying-digits-dc5e85cd93c3},
    author = {Saha, Attyuttam}
    
}

@online{neuralimg1,
    URL = {https://www.researchgate.net/figure/An-illustration-of-a-neural-network_fig2_336701551}

}

@online{neuralimg2,
    URL = {https://developers.google.com/machine-learning/practica/image-classification/convolutional-neural-networks}


}

@online{mnist,
    URL = {http://yann.lecun.com/exdb/mnist/}

}

@online{proj2,
    URL = {https://compphysics.github.io/MachineLearning/doc/Projects/2020/Project2/pdf/Project2.pdf}
}