@book{proj1,
  title = {Lecture Notes 2020, FYS-STK3155},
  author = {Hjorth-Jensen, Morten},
  year = {2020},
  publisher = {{UiO}},
  keywords = {FYS-STK3155}
}
@book{oppgtxt,
  title = {Project 1 on Machine Learning, FYS-STK3155},
  author = {Hjorth-Jensen, Morten},
  year = {2020},
  publisher = {{UiO}},
  keywords = {FYS-STK3155}
}