@book{data,
  title = {Spambase},
  author = {UCI},
  year = {1999},
  URL = {https://archive.ics.uci.edu/ml/datasets/spambase}
}

@online{Nb,
    title = {Naïve Bayes},
    URL = {https://en.wikipedia.org/wiki/Naive_Bayes_classifier#Multinomial_na%C3%AFve_Bayes}
}

@online{proj2,
    title = {Classification and Regression, An Exploration of different methods in Machine Learning},
    author = {Løken, Simen},
    date = {November 2020}

}

@online{neuralimg1,
    title = {Neural Network Demonstration Image},
    URL = {https://www.researchgate.net/figure/An-illustration-of-a-neural-network_fig2_336701551}

}

@online{svm,
    title = {Support Vector Machines},
    URL = {https://en.wikipedia.org/wiki/Support_vector_machine}
}
@online{lecture,
    title = {Lecture Notes 2020},
    author = {H.-Jensen, Morten},
    URL = {https://compphysics.github.io/MachineLearning/doc/web/course.html}
}

@online{hplanes,
    title = {Hyperplanes},
    URL = {https://en.wikipedia.org/wiki/Hyperplane}
}